@article{buck2020go,
author={Buck, Sean and Carter, Ted},
year={2020},
title={Go Navy, beat Army},
journal={Journal of Beating Army},
volume={21},
pages={1845--2021}}

@article{moore1998directed,
author={Moore, Thomas E and Crary, Selden B and Koditschek, Daniel E and Conklin, Todd A},
year={1998},
title={Directed locomotion in cockroaches: ``biobots''},
journal={Slovenian Entomological Society},
volume={6},
number={2},
pages={71--78}}

@inproceedings{whitmire2013kinect,
author={Whitmire, Eric and Latif, Tahmid and Bozkurt, Alper},
year={2013},
title={Kinect-based system for automated control of terrestrial insect biobots},
booktitle={35th Annual International Conference of the {IEEE} {EMBS}},
address={Osaka, Japan},
month={3-7 July}}

@inproceedings{holzer1997locomotion,
author={R. {Holzer} and I. {Shimoyama}},
year={1997},
title={Locomotion control of a bio-robotic system via electric stimulation},
booktitle={Proceedings of the 1997 {IEEE/RSJ} International Conference on Intelligent Robot and Systems. Innovative Robotics for Real-World Applications. {IROS} 97},
volume={3},
pages={1514--1519}}

@article{guo2013neural,
author={Guo, Peiyuan and Ritzmann, Roy E},
year={2013},
title={Neural activity in the central complex of the cockroach brain is linked to turning behaviors},
journal={Journal of Experimental Biology},
volume={216},
pages={992--1002},
doi={10.1242/jeb.080473}}

@article{Butler2005,
author = {Butler, Zack and Corke, Peter and Peterson, Ron and Rus, Daniela},
file = {:home/evangeli/.local/share/data/Mendeley Ltd./Mendeley Desktop/Downloaded/Butler et al. - 2005 - Virtual fences for controlling cows.pdf:pdf},
journal = {ICRA 2004},
title = {{Virtual fences for controlling cows}},
url = {papers2://publication/uuid/0BABE111-3434-4F13-BC7B-C848825AF052},
year = {2005}
}

@article{Mongeau2014,
author = {Mongeau, Jean Michel and Demir, Alican and Dallmann, Chris J. and Jayaram, Kaushik and Cowan, Noah J. and Full, Robert J.},
doi = {10.1242/jeb.101501},
file = {:home/evangeli/.local/share/data/Mendeley Ltd./Mendeley Desktop/Downloaded/Mongeau et al. - 2014 - Mechanical processing via passive dynamic properties of the cockroach antenna can facilitate control during rapi.pdf:pdf},
issn = {00220949},
journal = {Journal of Experimental Biology},
keywords = {Biomechanics,Control,Neuromechanics,Periplaneta americana,Tactile sensing,Thigmotaxis},
number = {18},
pages = {3333--3345},
title = {{Mechanical processing via passive dynamic properties of the cockroach antenna can facilitate control during rapid running}},
volume = {217},
year = {2014}
}

@article{Dickerson2014,
author = {Dickerson, Bradley H and Aldworth, Zane N and Daniel, Thomas L},
doi = {10.1242/jeb.103770},
file = {:home/evangeli/.local/share/data/Mendeley Ltd./Mendeley Desktop/Downloaded/Dickerson, Aldworth, Daniel - 2014 - Control of moth flight posture is mediated by wing mechanosensory feedback.pdf:pdf;::},
issn = {1477-9145},
journal = {The Journal of experimental biology},
keywords = {abdominal,deflection,department of biology,flight control,laboratory of cellular and,manduca sexta,national,present address,seattle,sensorimotor processing,synaptic neurophysiology,university of washington,usa,wa 98195,wings},
month = {jul},
number = {Pt 13},
pages = {2301--8},
pmid = {24737754},
title = {{Control of moth flight posture is mediated by wing mechanosensory feedback.}},
url = {http://www.ncbi.nlm.nih.gov/pubmed/24737754},
volume = {217},
year = {2014}
}